<record><leader>00000cas a2200000 a 4500</leader><controlfield tag="001">27739490</controlfield><controlfield tag="008">930316c188u9999iluwr ne      0   a0eng c</controlfield><datafield ind1=" " ind2=" " tag="010"><subfield code="a">sn 93055634 </subfield></datafield><datafield ind1=" " ind2=" " tag="040"><subfield code="a">NVF</subfield><subfield code="b">eng</subfield><subfield code="c">NVF</subfield><subfield code="d">NVF</subfield><subfield code="d">OCLCQ</subfield><subfield code="d">OCLCF</subfield><subfield code="d">NVF</subfield><subfield code="d">OCLCO</subfield></datafield><datafield ind1="1" ind2=" " tag="029"><subfield code="a">AU@</subfield><subfield code="b">000020724991</subfield></datafield><datafield ind1=" " ind2=" " tag="042"><subfield code="a">pcc</subfield></datafield><datafield ind1=" " ind2=" " tag="043"><subfield code="a">n-us-il</subfield></datafield><datafield ind1="0" ind2=" " tag="130"><subfield code="a">Herald-enterprise (Golconda, Ill.)</subfield></datafield><datafield ind1="1" ind2="0" tag="245"><subfield code="a">Herald-enterprise.</subfield></datafield><datafield ind1="3" ind2=" " tag="246"><subfield code="a">Herald enterprise</subfield></datafield><datafield ind1=" " ind2=" " tag="260"><subfield code="a">Golconda, Ill. :</subfield><subfield code="b">Craig &amp; Clanahan</subfield></datafield><datafield ind1=" " ind2=" " tag="300"><subfield code="a">v.</subfield></datafield><datafield ind1=" " ind2=" " tag="310"><subfield code="a">Weekly</subfield></datafield><datafield ind1=" " ind2=" " tag="515"><subfield code="a">Issues for &lt;Apr. 11, 1889-May 2, 1907&gt; called also &lt;Enterprise: v. 2, no. 50-v. 21, no. 1&gt;</subfield></datafield><datafield ind1=" " ind2=" " tag="580"><subfield code="a">Formed by the union of: Golconda herald and: Enterprise (Golconda, Ill.).</subfield></datafield><datafield ind1=" " ind2=" " tag="588"><subfield code="a">Description based on: Herald: v. 32, no. 23 (Apr. 11, 1889) = Enterprise: v. 2, no. 50.</subfield></datafield><datafield ind1=" " ind2="0" tag="651"><subfield code="a">Golconda (Ill.)</subfield><subfield code="v">Newspapers.</subfield></datafield><datafield ind1=" " ind2="7" tag="651"><subfield code="a">Illinois</subfield><subfield code="z">Golconda.</subfield><subfield code="2">fast</subfield><subfield code="0">(OCoLC)fst01271995</subfield></datafield><datafield ind1=" " ind2="7" tag="655"><subfield code="a">Newspapers.</subfield><subfield code="2">fast</subfield><subfield code="0">(OCoLC)fst01423814</subfield></datafield><datafield ind1=" " ind2=" " tag="752"><subfield code="a">United States</subfield><subfield code="b">Illinois</subfield><subfield code="c">Pope</subfield><subfield code="d">Golconda.</subfield></datafield><datafield ind1="1" ind2="4" tag="780"><subfield code="t">Golconda herald</subfield><subfield code="w">(DLC)sn 87068238</subfield><subfield code="w">(OCoLC)15795208</subfield></datafield><datafield ind1="1" ind2="4" tag="780"><subfield code="t">Enterprise (Golconda, Ill.)</subfield><subfield code="w">(DLC)sn 93055633</subfield><subfield code="w">(OCoLC)27738951</subfield></datafield></record>